@misc{SamTools,
  author = {1000 Genomes},
  title = {{SAM/BAM and related specifications}},
  howpublished = {\url{https://github.com/samtools/hts-specs}},
  note = {Acessado: 2014-05-28}
}

@misc{RolANS,
  author = {Agência Nacional de Saúde},
  title = {{ANS amplia cobertura obrigatória para 29 doenças genéticas}},
  howpublished = {\url{http://www.ans.gov.br/a-ans/sala-de-noticias-ans/consumidor/2316-ans-amplia-cobertura-obrigatoria-para-29-doencas-geneticas-}},
  note = {Acessado: 2014-06-01}
}

@misc{Arise,
  author = {Arise Biotech},
  title = {{EzMate 401s}},
  howpublished = {\url{http://www.arisebio.com.tw/product_EzMate_401s.asp}},
  note = {Acessado: 2014-06-01}
}

@misc{BIOC,
  author = {FMRP},
  title = {{10th Summer Bioinformatics Course}},
  howpublished = {\url{http://bioinformatics.fmrp.usp.br/curso2014/}},
  note = {Acessado: 2014-05-28}
}

@misc{NGEN,
  author = {Illumina},
  title = {{Next-Generation Sequencing Technology}},
  howpublished = {\url{http://www.illumina.com/technology/next-generation-sequencing.ilmn}},
  note = {Acessado: 2014-05-28}
}

@misc{BS,
  author = {Illumina},
  title = {{BaseSpace Genomics Cloud Computing}},
  howpublished = {\url{https://basespace.illumina.com/home/index}},
  note = {Acessado: 2014-06-01}
}

@misc{Capybara,
  author = {Nicklas, Jonas},
  title = {{Capybara GitHub page}},
  howpublished = {\url{https://github.com/jnicklas/capybara}},
  note = {Acessado: 2014-05-28}
}

@misc{RSpec,
  author = {RSpec},
  title = {{RSpec GitHub page}},
  howpublished = {\url{https://github.com/rspec/rspec-rails/}},
  note = {Acessado: 2014-05-28}
}

@misc{RoR,
  author = {Ruby on Rails},
  title = {{Ruby on Rails GitHub page}},
  howpublished = {\url{https://github.com/rails/rails/}},
  note = {Acessado: 2014-05-28}
}

@misc{Shoulda,
  author = {Thoughtbot},
  title = {{Shoulda GitHub page}},
  howpublished = {\url{https://github.com/thoughtbot/shoulda/}},
  note = {Acessado: 2014-05-28}
}

