@misc{Coplien,
  author = {Coplien, James O.},
  title = {{Why most unit testing is a waste of time}},
  howpublished = {\url{http://www.rbcs-us.com/documents/Why-Most-Unit-Testing-is-Waste.pdf}},
  note = {Acessado: 2015-11-09}
}

@book{Legacy,
    author = {Feathers, Michael},
    title = {Working Effectively with Legacy Code},
    year = {2004},
    isbn = {0131177052},
    publisher = {Prentice Hall},
} 

@book{NoSQL,
    author = {Fowler, Martin and Sadalage, Pramod J.},
    title = {NoSQL Distilled: A Brief Guide to the Emerging World of Polyglot Persistence},
    year = {2012},
    isbn = {0321826620},
    publisher = {Addison-Wesley Professional},
} 

@misc{Git,
  author = {Git},
  title = {{Git}},
  howpublished = {\url{https://git-scm.com/}},
  note = {Acessado: 2015-11-08}
}

@misc{AWQL,
  author = {Google},
  title = {{AdWords Query Language}},
  howpublished = {\url{https://developers.google.com/adwords/api/docs/guides/awql}},
  note = {Acessado: 2015-11-08}
}

@misc{AdWords,
  author = {Google},
  title = {{Google AdWords API}},
  howpublished = {\url{https://developers.google.com/adwords/api/}},
  note = {Acessado: 2015-11-08}
}

@misc{Googleads,
  author = {Google},
  title = {{googleads-python-lib}},
  howpublished = {\url{https://github.com/googleads/googleads-python-lib}},
  note = {Acessado: 2015-11-08}
}

@book{CleanCode,
    author = {Martin, Robert C.},
    title = {Clean Code: A Handbook of Agile Software Craftsmanship},
    year = {2008},
    isbn = {0132350882},
    publisher = {Prentice Hall},
} 

@misc{Mongo,
  author = {MongoDB Inc.},
  title = {{MongoDB}},
  howpublished = {\url{https://www.mongodb.org/}},
  note = {Acessado: 2015-11-08}
}

@misc{Pymongo,
  author = {MongoDB Inc.},
  title = {{PyMongo}},
  howpublished = {\url{https://api.mongodb.org/python/current/}},
  note = {Acessado: 2015-11-08}
}

@misc{Mongoengine,
  author = {MongoEngine},
  title = {{MongoEngine}},
  howpublished = {\url{http://mongoengine.org/}},
  note = {Acessado: 2015-11-08}
}

@misc{Raccoon,
  author = {Raccoon Marketing Digital LTDA.},
  title = {{Raccoon Marketing Digital}},
  howpublished = {\url{http://raccoon.ag/}},
  note = {Acessado: 2015-11-08}
}

@misc{Stack,
  author = {Stack Exchange Inc.},
  title = {{StackOverflow}},
  howpublished = {\url{http://stackoverflow.com/}},
  note = {Acessado: 2015-11-08}
}
